@book{hastieElementsStatisticalLearning2009,
  title = {The {{Elements}} of {{Statistical Learning}}},
  author = {Hastie, Trevor and Tibshirani, Robert and Friedman, Jerome},
  date = {2009},
  series = {Springer {{Series}} in {{Statistics}}},
  publisher = {{Springer New York}},
  location = {{New York, NY}},
  doi = {10.1007/978-0-387-84858-7},
  url = {http://link.springer.com/10.1007/978-0-387-84858-7},
  urldate = {2022-05-13},
  isbn = {978-0-387-84857-0 978-0-387-84858-7},
  file = {Hastie et al. - 2009 - The Elements of Statistical Learning Data Mining,.pdf}
}
